@article{Lowe:2004:DIF:993451.996342,
 author = {Lowe, David G.},
 title = {Distinctive Image Features from Scale-Invariant Keypoints},
 journal = {Int. J. Comput. Vision},
 issue_date = {November 2004},
 volume = {60},
 number = {2},
 month = nov,
 issn = {0920-5691},
 pages = {91--110},
 year = {2004},
 doi={10.1023/B:VISI.0000029664.99615.94}
} 

@inproceedings{muja_flann_2009,
  author    = {Marius Muja and David G. Lowe},
  title     = {Fast Approximate Nearest Neighbors with Automatic Algorithm Configuration},
  booktitle = {International Conference on Computer Vision Theory and Application 
               VISSAPP'09)},
  publisher = {INSTICC Press},
  year      = {2009},
  pages     = {331-340}
}

@inproceedings{Gil-Jimenez:2007:ACV:1419976.1420000,
 author = {Gil-Jim{\'e}nez, P. and L\'{o}pez-Sastre, R. and Siegmann, P. and Acevedo-Rodr\'{\i}guez, J. and Maldonado-Basc\'{o}n, S.},
 title = {Automatic Control of Video Surveillance Camera Sabotage},
 booktitle = {Proceedings of the 2Nd International Work-conference on Nature Inspired Problem-Solving Methods in Knowledge Engineering: Interplay Between Natural and Artificial Computation, Part II},
 series = {IWINAC '07},
 year = {2007},
 location = {La Manga del Mar Menor, Spain},
 pages = {222--231},
 publisher = {Springer-Verlag},
 address = {Berlin, Heidelberg},
 doi={10.1007/978-3-540-73055-2_24}
} 

@INPROCEEDINGS{4425371, 
author={A. Aksay and A. Temizel and A. Enis Cetin}, 
booktitle={Advanced Video and Signal Based Surveillance, 2007. AVSS 2007. IEEE Conference on}, 
title={Camera tamper detection using wavelet analysis for video surveillance}, 
year={2007}, 
pages={558-562}, 
doi={10.1109/AVSS.2007.4425371}, 
month={Sept}}

@inproceedings{Ribnick:2006:RDC:1190492.1190525,
 author = {Ribnick, Evan and Atev, Stefan and Masoud, Osama and Papanikolopoulos, Nikolaos and Voyles, Richard},
 title = {Real-Time Detection of Camera Tampering},
 booktitle = {Proceedings of the IEEE International Conference on Video and Signal Based Surveillance},
 series = {AVSS '06},
 year = {2006},
 pages = {10--},
 publisher = {IEEE Computer Society},
 address = {Washington, DC, USA},
 doi={10.1109/AVSS.2006.94}
} 

@INPROCEEDINGS{5279665, 
author={A. Saglam and A. Temizel}, 
booktitle={Advanced Video and Signal Based Surveillance, 2009. AVSS '09. Sixth IEEE International Conference on}, 
title={Real-Time Adaptive Camera Tamper Detection for Video Surveillance}, 
year={2009}, 
pages={430-435}, 
doi={10.1109/AVSS.2009.29}, 
month={Sept}}

@inproceedings{Ellwart:2011:CSD:2186472.2186478,
 author = {Ellwart, Damian and Szczuko, Piotr and Czy\.{z}ewski, Andrzej},
 title = {Camera Sabotage Detection for Surveillance Systems},
 booktitle = {Proceedings of the 2011 International Conference on Security and Intelligent Information Systems},
 series = {SIIS'11},
 year = {2012},
 location = {Warsaw, Poland},
 pages = {45--53},
 publisher = {Springer-Verlag},
 address = {Berlin, Heidelberg},
 doi={10.1007/978-3-642-25261-7_4}
} 

@INPROCEEDINGS{6017032, 
author={Y. K. Wang and C. T. Fan and K. Y. Cheng and P. S. Deng}, 
booktitle={Machine Learning and Cybernetics (ICMLC), 2011 International Conference on}, 
title={Real-time camera anomaly detection for real-world video surveillance}, 
year={2011}, 
volume={4}, 
pages={1520-1525}, 
doi={10.1109/ICMLC.2011.6017032}, 
month={July}}

@INPROCEEDINGS{6385386, 
author={T. Kryjak and M. Komorkiewicz and M. Gorgon}, 
booktitle={Design and Architectures for Signal and Image Processing (DASIP), 2012 Conference on}, 
title={FPGA implementation of camera tamper detection in real-time}, 
year={2012}, 
pages={1-8}, 
keywords={edge detection;field programmable gate arrays;image registration;video streaming;video surveillance;FPGA implementation;average brightness;background modelling;camera lens;camera tamper detection;edges comparison;hardware description language;hardware implementation;histograms comparison;real-time processing;video stream;video surveillance systems;Analytical models;Cameras;Field programmable gate arrays;Hardware;Histograms;Image edge detection;Mathematical model;FPGA;background generation;camera sabotage detection;camera tampering detection;real-time video processing}, 
month={Oct}}

@INPROCEEDINGS{6274260, 
author={D. T. Lin and C. H. Wu}, 
booktitle={Intelligent Information Hiding and Multimedia Signal Processing (IIH-MSP), 2012 Eighth International Conference on}, 
title={Real-Time Active Tampering Detection of Surveillance Camera and Implementation on Digital Signal Processor}, 
year={2012}, 
pages={383-386}, 
keywords={digital signal processing chips;edge detection;security of data;video surveillance;PC;Real-time active tampering detection;TI DAVINCI DM6437 DSP;automatic camera tampering detection;camera tamper detection scheme;digital signal processor;grayscale histogram;large edge differences;security applications;surveillance camera;video cameras;video recording;video surveillance;Cameras;Digital signal processing;Histograms;Image edge detection;Optimization;Real time systems;Surveillance;Camera tampering detection;camera defocusing;camera motion;camera occlusion;video surveillance}, 
doi={10.1109/IIH-MSP.2012.99}, 
month={July}}

@INPROCEEDINGS{6359641, 
author={Chun-Liang Tung and Pei-Ling Tung and Che-Wei Kuo}, 
booktitle={Machine Learning and Cybernetics (ICMLC), 2012 International Conference on}, 
title={Camera tamper detection using codebook model for video surveillance}, 
year={2012}, 
volume={5}, 
pages={1760-1763}, 
keywords={cameras;image sequences;video coding;video surveillance;CTDM;adaptive background codebook model;background pixel process;codebook model;displacement tamper;feature values;light movement problem;obstruction tamper;real-time camera tamper detection model;shadow movement problem;video image sequence;video surveillance system;warning interface;Abstracts;Cameras;Surveillance;Background Codebook Model;Camera Tamper Detection Model;Displacement Detection;Obstruction Detection}, 
doi={10.1109/ICMLC.2012.6359641}, 
month={July}}

@INPROCEEDINGS{6561007, 
author={H. Yin and X. Jiao and X. Luo and C. Yi}, 
booktitle={Control and Decision Conference (CCDC), 2013 25th Chinese}, 
title={Sift-based camera tamper detection for video surveillance}, 
year={2013}, 
pages={665-668}, 
keywords={transforms;video surveillance;SIFT feature-based decision function;SIFT-based automatic camera tamper detection algorithm;real-time frame;video surveillance system;Cameras;Equations;Mathematical model;Real-time systems;Standards;Video surveillance;SIFT algorithm;camera tamper;covered camera detection;moved camera detection;video surveillance}, 
doi={10.1109/CCDC.2013.6561007}, 
month={May}}

@INPROCEEDINGS{6636616, 
author={T. Tsesmelis and L. Christensen and P. Fihl and T. B. Moeslund}, 
booktitle={Advanced Video and Signal Based Surveillance (AVSS), 2013 10th IEEE International Conference on}, 
title={Tamper detection for active surveillance systems}, 
year={2013}, 
pages={57-62}, 
keywords={image sequences;object detection;video cameras;video signal processing;video surveillance;active camera;active surveillance systems;background model;defocusing;detecting rate;displacement;occlusion;surveillance data;tampering events detection;video sequences monitoring;Cameras;Databases;Detectors;Feature extraction;Image edge detection;Lenses;Surveillance}, 
doi={10.1109/AVSS.2013.6636616}, 
month={Aug}}

@article{20141865,
title={Rapid detection of camera tampering and abnormal disturbance for video surveillance system},
journal={Journal of Visual Communication and Image Representation},
volume={25},
number={8},
pages={1865-1877},
year={2014},
doi = {http://dx.doi.org/10.1016/j.jvcir.2014.09.007},
author={Deng-Yuan Huang and Chao-Ho Chen and Tsong-Yi Chen and Wu-Chih Hu and Bo-Cin Chen}
}

@article{486677,
author={R. Szeliski}, 
journal={IEEE Computer Graphics and Applications}, 
title={Video mosaics for virtual environments}, 
year={1996}, 
volume={16}, 
number={2}, 
pages={22-30}, 
doi={10.1109/38.486677}, 
month={Mar}
}

@incollection{201612,
title={Real-Time Automatic Camera Sabotage Detection for Surveillance Systems},
author={Sitara, K and Mehtre, BM},
booktitle={Advances in Signal Processing and Intelligent Recognition Systems},
pages={75--84},
year={2016},
publisher={Springer},
doi={10.1007/978-3-319-28658-7_7"}
}

@misc{vedaldi08vlfeat,
Author = {A. Vedaldi and B. Fulkerson},
Title = {{VLFeat}: An Open and Portable Library of Computer Vision Algorithms},
Year  = {2008},
Howpublished = {\url{http://www.vlfeat.org/}}
}